51706.38575335123
70480.41150157081
46488.5607399443
59704.17392972182
58704.09445992719
59008.51126595577
65320.77641596881
58280.43763200013
60432.35582589855
58994.36234645353
57039.18034276858
57258.499506280896
60021.151580497106
49340.03262222817
54718.004695316784
66848.26604783333
66225.05344104052
57419.309220979296
44110.19416930278
61805.1449709173
62552.16008859003
52984.81894140665
63984.63642818184
63898.04090744961
59766.72527358222
60978.78017784976
56005.923781257574
61943.39477650684
70249.91981262142
66111.60164508766
56483.130370586725
46064.68262261379
53879.01409678839
62967.37970948276
51227.506872988444
44387.02416983613
68471.7270475585
59765.29449394767
57140.75912078965
60086.62524574072
56634.704806856884
56081.373074808755
69966.815608287
68235.86044178331
64784.51657809631
60001.47792266886
70240.01800654359
73063.03913997054
58811.40148747924
64489.274003769344
50609.780381097655
60260.759186021314
61091.960509909666
59113.22261569278
59058.91485373202
58497.667365069436
57728.789239040445
62713.588922604045
64181.75401520544
61526.90307795137
64839.483500348404
57182.06834246084
64112.08572762231
53539.13589097856
60003.743512246605
64159.81665595887
45213.57133634246
59726.94567318516
54155.71149971864
57021.42417499448
56114.7654943993
63245.48679087492
